@online{rdf,
    title = {Resource Description Framework},
    date = {2014},
    url = {https://www.w3.org/RDF/},
}
@book{palmer1981semantics,
    title={Semantics},
    author={Palmer, F.R.},
    isbn={9780521283762},
    lccn={80042318},
    series={Cambridge low priced editions},
    url={https://books.google.cz/books?id=UWJSaxH9GiMC},
    year={1981},
    publisher={Cambridge University Press}
}
@online{graphviz,
    title = {Graphviz},
    url = {https://graphviz.org/},
}
@online{srgs,
    title = {Speech Recognition Grammar Specification},
    date = {2004},
    url = {https://www.w3.org/TR/speech-grammar/},
}
@online{treesitter,
    title = {TreeSitter},
    url = {https://tree-sitter.github.io/tree-sitter/},
}
@book{taocp1,
    author = {Knuth, Donald E.},
    title = {The Art of Computer Programming, Vol. 1},
    date = {1997},
    pages = {318--330},
    edition = {Third},
    publisher = {Addison-Wesley},
    address = {Reading, Mass},
    isbn = {9780201896831},
}
@book{lexical-semantics,
    address = {New York},
    author = {Dirk Geeraerts},
    editor = {},
    publisher = {Oxford University Press},
    title = {Theories of Lexical Semantics},
    year = {2010}
}
@book{rajman2007speech,
    title={Speech and Language Engineering},
    author={Rajman, M. and Besan{\c{c}}on, R.},
    isbn={9780824722197},
    lccn={2007276204},
    series={Communication Sciences},
    url={https://books.google.cz/books?id=QMXjAAAAMAAJ},
    year={2007},
    publisher={EPFL Press}
}
@book{portner2008formal,
    title={Formal Semantics: The Essential Readings},
    author={Portner, P.H. and Partee, B.H.},
    isbn={9780470758182},
    series={Linguistics: The Essential Readings},
    url={https://books.google.cz/books?id=ptgUWREtAkMC},
    year={2008},
    publisher={Wiley}
}
@book{riemer2010introducing-semantic,
    title={Introducing Semantics},
    author={Riemer, N.},
    isbn={9780521851923},
    lccn={2010294971},
    series={Cambridge Introductions to Language and Linguistics},
    url={https://books.google.cz/books?id=tJjZ0FmNdzIC},
    year={2010},
    publisher={Cambridge University Press}
}
@inbook{computation-semantics,
    title = "Computational semantics",
    author = "H.C. Bunt and R.A. Muskens",
    note = "Pagination: 33",
    year = "1999",
    language = "English",
    isbn = "0792361083",
    series = "Studies in linguistics and philosophy",
    publisher = "Kluwer Academic Publishers",
    number = "73",
    pages = "1--32",
    editor = "H.C. Bunt and R.A. Muskens",
    booktitle = "Computing meaning, Volume 1",
    address = "Netherlands",
}
@article{computational-semantics-blackburn-bos,
    ISSN = {04954548, 2171679X},
    URL = {http://www.jstor.org/stable/23918435},
    abstract = {In this article we discuss what constitutes a good choice of semantic representation, compare different approaches of constructing semantic representations for fragments of natural language, and give an overview of recent methods for employing inference engines for natural language understanding tasks.},
    author = {Blackburn, P. and Bos, J.},
    journal = {Theoria: An International Journal for Theory, History and Foundations of Science},
    number = {1(46)},
    pages = {27--45},
    publisher = {University of the Basque Country (UPV/EHU)},
    title = {Computational Semantics},
    urldate = {2024-05-13},
    volume = {18},
    year = {2003}
}
@book{fasold2006introduction,
    title={An Introduction to Language and Linguistics},
    author={Fasold, R. and Connor-Linton, J.},
    isbn={9781107717664},
    pages={141-143},
    url={https://books.google.cz/books?id=E85VAgAAQBAJ},
    year={2006},
    publisher={Cambridge University Press}
}
@book{the_conversational_interface,
    author = {M. McTear and Z. Callejas and D. Griol},
    title = {The Conversational Interface},
    date = {2016},
    subtitle = {Talking to Smart Devices},
    publisher = {Springer},
}
@misc{yang2024rethinking,
    title={Rethinking Tokenization: Crafting Better Tokenizers for Large Language Models}, 
    author={Jinbiao Yang},
    year={2024},
    eprint={2403.00417},
    archivePrefix={arXiv},
    primaryClass={cs.CL}
}
@book{PsutkaJ_2006_Mluvimes,
    author = {Psutka, J. and M\"{u}ller, L. and Matou\v{s}ek, J. and Radov\'{a}, V.},
    title = {Mluv\'{i}me s po\v{c}\'{i}ta\v{c}em \v{c}esky},
    date = {2006},
    publisher = {Academia},
    address = {Prague},
    pages = {752},
    isbn = {80-200-1309-1},
}
@misc{prepreze_znal,
    author = {Psutka Josef and Šmídl, Luboš},
    date = {2021},
    howpublished = {Učební text KKY/UI},
    title = {Reprezentace znalostí},
}
@article{semantic-nets-LEHMANN19921,
    title = {Semantic networks},
    journal = {Computers \& Mathematics with Applications},
    volume = {23},
    number = {2},
    pages = {1-50},
    year = {1992},
    issn = {0898-1221},
    doi = {https://doi.org/10.1016/0898-1221(92)90135-5},
    url = {https://www.sciencedirect.com/science/article/pii/0898122192901355},
    author = {Fritz Lehmann},
}
@article{cyc,
    author = {Lenat, Douglas B.},
    title = {CYC: a large-scale investment in knowledge infrastructure},
    year = {1995},
    issue_date = {Nov. 1995},
    publisher = {Association for Computing Machinery},
    address = {New York, NY, USA},
    volume = {38},
    number = {11},
    issn = {0001-0782},
    url = {https://doi.org/10.1145/219717.219745},
    doi = {10.1145/219717.219745},
    journal = {Commun. ACM},
    month = {nov},
    pages = {33–38},
    numpages = {6}
}
@inproceedings{jolley1971holotheme,
  title={The holotheme},
  author={Jolley, JL},
  booktitle={First Ottawa Conference on Conceptual Basis of the Classification of Knowledge, Ottawa},
  year={1971}
}
@article{burger1984wordtree,
  title={The wordtree: a transitive cladistic for solving physical \& social problems: the dictionary that analyzes a quarter-million word-listings by their processes, branches them binarily to pinpoint the concepts, thus sequentially tracing causes to their effects, to produce a handbook of physical and social engineering},
  author={Burger, Henry G},
  journal={(No Title)},
  year={1984}
}
